@inproceedings{zazworka2011investigating,
  title={Investigating the impact of design debt on software quality},
  author={Zazworka, Nico and Shaw, Michele A and Shull, Forrest and Seaman, Carolyn},
  booktitle={Proceedings of the 2nd Workshop on Managing Technical Debt},
  pages={17--23},
  year={2011},
  organization={ACM}
}

@inproceedings{power2013understanding,
  title={Understanding the impact of technical debt on the capacity and velocity of teams and organizations: viewing team and organization capacity as a portfolio of real options},
  author={Power, Ken},
  booktitle={Managing Technical Debt (MTD), 2013 4th International Workshop on},
  pages={28--31},
  year={2013},
  organization={IEEE}
}

@book{sterling2010managing,
  title={Managing software debt: building for inevitable change},
  author={Sterling, Chris},
  year={2010},
  publisher={Addison-Wesley Professional}
}

@inproceedings{brown2010managing,
  title={Managing technical debt in software-reliant systems},
  author={Brown, Nanette and Cai, Yuanfang and Guo, Yuepu and Kazman, Rick and Kim, Miryung and Kruchten, Philippe and Lim, Erin and MacCormack, Alan and Nord, Robert and Ozkaya, Ipek and others},
  booktitle={Proceedings of the FSE/SDP workshop on Future of software engineering research},
  pages={47--52},
  year={2010},
  organization={ACM}
}

@book{sterling2010managing,
  title={Managing software debt: building for inevitable change},
  author={Sterling, Chris},
  year={2010},
  publisher={Addison-Wesley Professional}
}

@inproceedings{klinger2011enterprise,
  title={An enterprise perspective on technical debt},
  author={Klinger, Tim and Tarr, Peri and Wagstrom, Patrick and Williams, Clay},
  booktitle={Proceedings of the 2nd Workshop on managing technical debt},
  pages={35--38},
  year={2011},
  organization={ACM}
}

@inproceedings{davis2013driving,
  title={Driving Quality Improvement and Reducing Technical Debt with the Definition of Done},
  author={Davis, Noopur},
  booktitle={2013 Agile Conference (AGILE)},
  pages={164--168},
  year={2013},
  organization={IEEE}
}

@inproceedings{guo2011portfolio,
  title={A portfolio approach to technical debt management},
  author={Guo, Yuepu and Seaman, Carolyn},
  booktitle={Proceedings of the 2nd Workshop on Managing Technical Debt},
  pages={31--34},
  year={2011},
  organization={ACM}
}

@article{xuan2012debt,
  title={Debt-prone bugs: technical debt in software maintenance},
  author={Xuan, Jifeng and Hu, Yan and Jiang, He},
  journal={International Journal of Advancements in Computing Technology 2012a},
  volume={4},
  number={19},
  pages={453--461},
  year={2012}
}

@article{kruchten2013technical,
  title={Technical debt: towards a crisper definition report on the 4th international workshop on managing technical debt},
  author={Kruchten, Philippe and Nord, Robert L and Ozkaya, Ipek and Falessi, Davide},
  journal={ACM SIGSOFT Software Engineering Notes},
  volume={38},
  number={5},
  pages={51--54},
  year={2013},
  publisher={ACM}
}

@article{li2015systematic,
  title={A systematic mapping study on technical debt and its management},
  author={Li, Zengyang and Avgeriou, Paris and Liang, Peng},
  journal={Journal of Systems and Software},
  volume={101},
  pages={193--220},
  year={2015},
  publisher={Elsevier}
}

@inproceedings{snipes2012defining,
  title={Defining the decision factors for managing defects: A technical debt perspective},
  author={Snipes, Will and Robinson, Brian and Guo, Yuepu and Seaman, Carolyn},
  booktitle={Managing Technical Debt (MTD), 2012 Third International Workshop on},
  pages={54--60},
  year={2012},
  organization={IEEE}
}

@inproceedings{zazworka2011prioritizing,
  title={Prioritizing design debt investment opportunities},
  author={Zazworka, Nico and Seaman, Carolyn and Shull, Forrest},
  booktitle={Proceedings of the 2nd Workshop on Managing Technical Debt},
  pages={39--42},
  year={2011},
  organization={ACM}
}

@inproceedings{letouzey2012sqale,
  title={The SQALE method for evaluating technical debt},
  author={Letouzey, Jean-Louis},
  booktitle={Proceedings of the Third International Workshop on Managing Technical Debt},
  pages={31--36},
  year={2012},
  organization={IEEE Press}
}

@article{letouzey2012managing,
  title={Managing technical debt with the sqale method},
  author={Letouzey, Jean-Louis and Ilkiewicz, Michel},
  journal={IEEE software},
  number={6},
  pages={44--51},
  year={2012},
  publisher={IEEE}
}

@article{seaman2011measuring,
  title={Measuring and monitoring technical debt},
  author={Seaman, Carolyn and Guo, Yuepu},
  journal={Advances in Computers},
  volume={82},
  pages={25--46},
  year={2011},
  publisher={Academic Press}
}

@article{hammond1998hidden,
  title={The hidden traps in decision making},
  author={Hammond, John S and Keeney, Ralph L and Raiffa, Howard},
  journal={Harvard Business Review},
  volume={76},
  number={5},
  pages={47--58},
  year={1998}
}
@inproceedings{falessi2013practical,
  title={Practical considerations, challenges, and requirements of tool-support for managing technical debt},
  author={Falessi, Davide and Shaw, Michele and Shull, Forrest and Mullen, Klaus and Keymind, Mark Stein and others},
  booktitle={Managing Technical Debt (MTD), 2013 4th International Workshop on},
  pages={16--19},
  year={2013},
  organization={IEEE}
}

@inproceedings{holvitie2013debtflag,
  title={DebtFlag: Technical debt management with a development environment integrated tool},
  author={Holvitie, Johannes and Lepp{\"a}nen, Ville},
  booktitle={Proceedings of the 4th International Workshop on Managing Technical Debt},
  pages={20--27},
  year={2013},
  organization={IEEE Press}
}

@article{kitchenham1995case,
  title={Case studies for method and tool evaluation},
  author={Kitchenham, Barbara and Pickard, Lesley and Pfleeger, Shari Lawrence},
  journal={IEEE software},
  number={4},
  pages={52--62},
  year={1995},
  publisher={IEEE}
}

@article{hantos2000identifying,
  title={Identifying software productivity improvement approaches and risks: construction industry case study},
  author={Hantos, Peter and Gisbert, Mario},
  journal={Software, IEEE},
  volume={17},
  number={1},
  pages={48--56},
  year={2000},
  publisher={IEEE}
}

@article{baddoo2003motivators,
  title={De-motivators for software process improvement: an analysis of practitionersâ€™ views},
  author={Baddoo, Nathan and Hall, Tracy},
  journal={Journal of Systems and Software},
  volume={66},
  number={1},
  pages={23--33},
  year={2003},
  publisher={Elsevier}
}

@article{cunningham1993wycash,
  title={The WyCash portfolio management system},
  author={Cunningham, Ward},
  journal={ACM SIGPLAN OOPS Messenger},
  volume={4},
  number={2},
  pages={29--30},
  year={1993},
  publisher={ACM}
}

@inproceedings{ireland2009classification,
  title={A classification of object-relational impedance mismatch},
  author={Ireland, Christopher and Bowers, David and Newton, Michael and Waugh, Kevin},
  booktitle={Advances in Databases, Knowledge, and Data Applications, 2009. DBKDA'09. First International Conference on},
  pages={36--43},
  year={2009},
  organization={IEEE}
}

@article{seaman2011measuring,
  title={Measuring and monitoring technical debt},
  author={Seaman, Carolyn and Guo, Yuepu},
  journal={Advances in Computers},
  volume={82},
  pages={25--46},
  year={2011},
  publisher={Academic Press}
}

@inproceedings{guo2011portfolio,
  title={A portfolio approach to technical debt management},
  author={Guo, Yuepu and Seaman, Carolyn},
  booktitle={Proceedings of the 2nd Workshop on Managing Technical Debt},
  pages={31--34},
  year={2011},
  organization={ACM}
}

@inproceedings{fernandez2015analysis,
  title={An analysis of techniques and methods for technical debt management: a reflection from the architecture perspective},
  author={Fern{\'a}ndez-S{\'a}nchez, Carlos and Garbajosa, Juan and Vidal, Carlos and Yague, Agustin},
  booktitle={Software Architecture and Metrics (SAM), 2015 IEEE/ACM 2nd International Workshop on},
  pages={22--28},
  year={2015},
  organization={IEEE}
}

@inproceedings{maldonado2015detecting,
  title={Detecting and quantifying different types of self-admitted technical Debt},
  author={Maldonado, Everton da S and Shihab, Emad},
  booktitle={Managing Technical Debt (MTD), 2015 IEEE 7th International Workshop on},
  pages={9--15},
  year={2015},
  organization={IEEE}
}

@inproceedings{falessi2015towards,
  title={Towards an open-source tool for measuring and visualizing the interest of technical debt},
  author={Falessi, Davide and Reichel, Andreas},
  booktitle={Managing Technical Debt (MTD), 2015 IEEE 7th International Workshop on},
  pages={1--8},
  year={2015},
  organization={IEEE}
}
@book{campbell2013sonarqube,
  title={SonarQube in Action},
  author={Campbell, G and Papapetrou, Patroklos P},
  year={2013},
  publisher={Manning Publications Co.}
}

@article{zazworka2014comparing,
  title={Comparing four approaches for technical debt identification},
  author={Zazworka, Nico and Izurieta, Clemente and Wong, Sunny and Cai, Yuanfang and Seaman, Carolyn and Shull, Forrest and others},
  journal={Software Quality Journal},
  volume={22},
  number={3},
  pages={403--426},
  year={2014},
  publisher={Springer}
}

@inproceedings{szabados2015technical,
  title={Technical Debt of Standardized Test Software},
  author={Szabados, Krist{\'o}f and Kov{\'a}cs, Attila},
  booktitle={Managing Technical Debt (MTD), 2015 IEEE 7th International Workshop on},
  pages={57--60},
  year={2015},
  organization={IEEE}
}

@inproceedings{chatzigeorgiou2015estimating,
  title={Estimating the breaking point for technical debt},
  author={Chatzigeorgiou, Alexander and Ampatzoglou, Apostolos and Ampatzoglou, Areti and Amanatidis, Theodoros},
  booktitle={Managing Technical Debt (MTD), 2015 IEEE 7th International Workshop on},
  pages={53--56},
  year={2015},
  organization={IEEE}
}

@INPROCEEDINGS{inpHoLaRaKaLe13a,

	title = {The Role of Dependency Propagation in the Accumulation of Technical Debt for Software Implementations},
	booktitle = {13th Symposium on Programming Languages and Software Tools},
	author = {Holvitie, Johannes and Laakso, Mikko-Jussi and Rajala, Teemu and Kaila, Erkki and Leppanen, Ville},
	editor = {Kiss, Akoss},
	publisher = {University of Szeged},
	pages = {61-75},
	year = {2013},
	keywords = {technical debt, technical debt propagation modeling, software implementation assessment, refactoring}

}

@inproceedings{martini2014architecture,
  title={Architecture technical debt: Understanding causes and a qualitative model},
  author={Martini, Antonio and Bosch, Jan and Chaudron, Michel},
  booktitle={Software Engineering and Advanced Applications (SEAA), 2014 40th EUROMICRO Conference on},
  pages={85--92},
  year={2014},
  organization={IEEE}
}

@inproceedings{maldonado2015detecting,
  title={Detecting and quantifying different types of self-admitted technical Debt},
  author={Maldonado, Everton da S and Shihab, Emad},
  booktitle={Managing Technical Debt (MTD), 2015 IEEE 7th International Workshop on},
  pages={9--15},
  year={2015},
  organization={IEEE}
}

@inproceedings{wiklund2012technical,
  title={Technical debt in test automation},
  author={Wiklund, Kristian and Eldh, Sigrid and Sundmark, Daniel and Lundqvist, Kristina},
  booktitle={Software Testing, Verification and Validation (ICST), 2012 IEEE Fifth International Conference on},
  pages={887--892},
  year={2012},
  organization={IEEE}
}

@inproceedings{falessi2015five,
  title={Five Reasons for Including Technical Debt in the Software Engineering Curriculum},
  author={Falessi, Davide and Kruchten, Philippe},
  booktitle={Proceedings of the 2015 European Conference on Software Architecture Workshops},
  pages={28},
  year={2015},
  organization={ACM}
}

@inproceedings{szabados2015technical,
  title={Technical Debt of Standardized Test Software},
  author={Szabados, Krist{\'o}f and Kov{\'a}cs, Attila},
  booktitle={Managing Technical Debt (MTD), 2015 IEEE 7th International Workshop on},
  pages={57--60},
  year={2015},
  organization={IEEE}
}

@inproceedings{fernandez2015framework,
  title={A framework to aid in decision making for technical debt management},
  author={Fern{\'a}ndez-S{\'a}nchez, Carlos and Garbajosa, Juan and Yague, Agustin},
  booktitle={Managing Technical Debt (MTD), 2015 IEEE 7th International Workshop on},
  pages={69--76},
  year={2015},
  organization={IEEE}
}

@article{guo2016exploring,
  title={Exploring the costs of technical debt management--a case study},
  author={Guo, Yuepu and Sp{\'\i}nola, Rodrigo Oliveira and Seaman, Carolyn},
  journal={Empirical Software Engineering},
  volume={21},
  number={1},
  pages={159--182},
  year={2016},
  publisher={Springer}
}

@inproceedings{ghanbari2016seeking,
  title={Seeking Technical Debt in Critical Software Development Projects: An Exploratory Field Study},
  author={Ghanbari, Hadi},
  booktitle={2016 49th Hawaii International Conference on System Sciences (HICSS)},
  pages={5407--5416},
  year={2016},
  organization={IEEE}
}

@inproceedings{oliveira2015managing,
  title={Managing Technical Debt in Software Projects Using Scrum: An Action Research},
  author={Oliveira, Frederico and Goldman, Alfredo and Santos, Viviane},
  booktitle={Agile Conference (AGILE), 2015},
  pages={50--59},
  year={2015},
  organization={IEEE}
}

@inproceedings{kalliamvakou2014promises,
  title={The promises and perils of mining GitHub},
  author={Kalliamvakou, Eirini and Gousios, Georgios and Blincoe, Kelly and Singer, Leif and German, Daniel M and Damian, Daniela},
  booktitle={Proceedings of the 11th working conference on mining software repositories},
  pages={92--101},
  year={2014},
  organization={ACM}
}

@article{wang2014software,
  title={Software Defects Classification Prediction Based On Mining Software Repository},
  author={Wang, Hui},
  year={2014}
}

@inproceedings{wiese2015predicting,
  title={Predicting change propagation from repository information},
  author={Wiese, Igor Scaliante and R{\'e}, Reginaldo and Steinmacher, Igor and Kuroda, Rodrigo Takashi and Oliva, Gustavo Ansaldi and Gerosa, Marco Aur{\'e}lio},
  booktitle={Software Engineering (SBES), 2015 29th Brazilian Symposium on},
  pages={100--109},
  year={2015},
  organization={IEEE}
}

@article{bai2008mining,
  title={Mining software repository: a survey},
  author={BAI, Jie and LI, Chun-ping},
  journal={Application Research of Computers},
  volume={1},
  pages={006},
  year={2008}
}

@article{de2015software,
  title={Software Repository Mining Analytics to Estimate Software Component Reliability},
  author={de Freitas, Paulo Andr{\'e} Faria},
  year={2015}
}

@article{kruchten2013technical,
  title={Technical debt: towards a crisper definition report on the 4th international workshop on managing technical debt},
  author={Kruchten, Philippe and Nord, Robert L and Ozkaya, Ipek and Falessi, Davide},
  journal={ACM SIGSOFT Software Engineering Notes},
  volume={38},
  number={5},
  pages={51--54},
  year={2013},
  publisher={ACM}
}

@inproceedings{zazworka2013case,
  title={A case study on effectively identifying technical debt},
  author={Zazworka, Nico and Sp{\'\i}nola, Rodrigo O and Vetro, Antonio and Shull, Forrest and Seaman, Carolyn},
  booktitle={Proceedings of the 17th International Conference on Evaluation and Assessment in Software Engineering},
  pages={42--47},
  year={2013},
  organization={ACM}
}

@article{mccabe1976complexity,
  title={A complexity measure},
  author={McCabe, Thomas J},
  journal={Software Engineering, IEEE Transactions on},
  number={4},
  pages={308--320},
  year={1976},
  publisher={IEEE}
}

@book{campbell2013sonarqube,
  title={SonarQube in Action},
  author={Campbell, G and Papapetrou, Patroklos P},
  year={2013},
  publisher={Manning Publications Co.}
}

@inproceedings{morgenthaler2012searching,
  title={Searching for build debt: Experiences managing technical debt at Google},
  author={Morgenthaler, J David and Gridnev, Misha and Sauciuc, Raluca and Bhansali, Sanjay},
  booktitle={Proceedings of the Third International Workshop on Managing Technical Debt},
  pages={1--6},
  year={2012},
  organization={IEEE Press}
}

@article{de2015learning,
  title={Learning from optimization: A case study with Apache Ant},
  author={de Oliveira Barros, M{\'a}rcio and de Almeida Farzat, F{\'a}bio and Travassos, Guilherme Horta},
  journal={Information and Software Technology},
  volume={57},
  pages={684--704},
  year={2015},
  publisher={Elsevier}
}

@book{muschko2014gradle,
  title={Gradle in action},
  author={Muschko, Benjamin},
  year={2014},
  publisher={Manning}
}

@inproceedings{goldman2007maven,
  title={MAVEN: Modular aspect verification},
  author={Goldman, Max and Katz, Shmuel},
  booktitle={International Conference on Tools and Algorithms for the Construction and Analysis of Systems},
  pages={308--322},
  year={2007},
  organization={Springer}
}

@book{chriss1996black,
  title={Black Scholes and Beyond: Option Pricing Models},
  author={Chriss, Neil},
  year={1996},
  publisher={McGraw-Hill}
}

@inproceedings{guo2011portfolio,
  title={A portfolio approach to technical debt management},
  author={Guo, Yuepu and Seaman, Carolyn},
  booktitle={Proceedings of the 2nd Workshop on Managing Technical Debt},
  pages={31--34},
  year={2011},
  organization={ACM}
}

@article{benaroch1999case,
  title={A case for using real options pricing analysis to evaluate information technology project investments},
  author={Benaroch, Michel and Kauffman, Robert J},
  journal={Information Systems Research},
  volume={10},
  number={1},
  pages={70--86},
  year={1999},
  publisher={INFORMS}
}

@inproceedings{alzaghoul2013cloudmtd,
  title={CloudMTD: Using real options to manage technical debt in cloud-based service selection},
  author={Alzaghoul, Esra and Bahsoon, Rami},
  booktitle={Managing Technical Debt (MTD), 2013 4th International Workshop on},
  pages={55--62},
  year={2013},
  organization={IEEE}
}

@inproceedings{abad2015using,
  title={Using real options to manage Technical Debt in Requirements Engineering},
  author={Abad, Zahra Shakeri Hossein and Ruhe, Guenther},
  booktitle={2015 IEEE 23rd International Requirements Engineering Conference (RE)},
  pages={230--235},
  year={2015},
  organization={IEEE}
}

@article{hsu2007delphi,
  title={The Delphi technique: making sense of consensus},
  author={Hsu, Chia-Chien and Sandford, Brian A},
  journal={Practical assessment, research \& evaluation},
  volume={12},
  number={10},
  pages={1--8},
  year={2007}
}

@inproceedings{haugen2006empirical,
  title={An empirical study of using planning poker for user story estimation},
  author={Haugen, Nils Christian},
  booktitle={AGILE 2006 (AGILE'06)},
  pages={9--pp},
  year={2006},
  organization={IEEE}
}

@inproceedings{e1996evaluating,
  title={Evaluating the impact of object-oriented design on software quality},
  author={e Abreu, F Brito and Melo, Walcelio},
  booktitle={Software Metrics Symposium, 1996., Proceedings of the 3rd International},
  pages={90--99},
  year={1996},
  organization={IEEE}
}

@inproceedings{lehman1996laws,
  title={Laws of software evolution revisited},
  author={Lehman, Manny M},
  booktitle={European Workshop on Software Process Technology},
  pages={108--124},
  year={1996},
  organization={Springer}
}


@misc{mar2006technical,
  title={Technical Debt and Design Death},
  author={Mar, Kane and James, Michael},
  year={2006},
  publisher={Citeseer}
}

@article{grenning2002planning,
  title={Planning poker or how to avoid analysis paralysis while release planning},
  author={Grenning, James},
  journal={Hawthorn Woods: Renaissance Software Consulting},
  volume={3},
  year={2002}
}

@article{falessi2014technical,
  title={Technical debt at the crossroads of research and practice: report on the fifth international workshop on managing technical debt},
  author={Falessi, Davide and Kruchten, Philippe and Nord, Robert L and Ozkaya, Ipek},
  journal={ACM SIGSOFT Software Engineering Notes},
  volume={39},
  number={2},
  pages={31--33},
  year={2014},
  publisher={ACM}
}

@inproceedings{SuovuoHSL,
  author = {'bgt' Suovuo, Tomi and Holvitie, Johannes and Smed, Jouni and Leppänen, Ville},
  pages = {281-295},
  booktitle = {CEUR Workshop Proceedings},
  title = {Mining knowledge on technical debt propagation.},
  volume = {1525},
  year = {2015}
}

@book{fowler2009refactoring,
  title={Refactoring: improving the design of existing code},
  author={Fowler, Martin},
  year={2009},
  publisher={Pearson Education India}
}

@inproceedings{idri2001fuzzy,
  title={A fuzzy logic based set of measures for software project similarity: validation and possible improvements},
  author={Idri, Ali and Abran, Alain},
  booktitle={Software Metrics Symposium, 2001. METRICS 2001. Proceedings. Seventh International},
  pages={85--96},
  year={2001},
  organization={IEEE}
}

@inproceedings{van2002java,
  title={Java quality assurance by detecting code smells},
  author={Van Emden, Eva and Moonen, Leon},
  booktitle={Reverse Engineering, 2002. Proceedings. Ninth Working Conference on},
  pages={97--106},
  year={2002},
  organization={IEEE}
}

@inproceedings{olbrich2009evolution,
  title={The evolution and impact of code smells: A case study of two open source systems},
  author={Olbrich, Steffen and Cruzes, Daniela S and Basili, Victor and Zazworka, Nico},
  booktitle={Empirical Software Engineering and Measurement, 2009. ESEM 2009. 3rd International Symposium on},
  pages={390--400},
  year={2009},
  organization={IEEE}
}

@article{poliakov2015systematic,
  title={A systematic mapping study on technical debt definition},
  author={Poliakov, Dmitrii and others},
  year={2015}
}

@inproceedings{yamamoto2005measuring,
  title={Measuring similarity of large software systems based on source code correspondence},
  author={Yamamoto, Tetsuo and Matsushita, Makoto and Kamiya, Toshihiro and Inoue, Katsuro},
  booktitle={International Conference on Product Focused Software Process Improvement},
  pages={530--544},
  year={2005},
  organization={Springer}
}

@inproceedings{park2012similarity,
  title={Similarity Detection for Large Scale Software Using Abstracted Source Code},
  author={Park, Seongsoo and Han, H},
  booktitle={Proc. of KIISE Korea Computer Congress 2012},
  volume={35},
  number={1}
}

@inproceedings{singh2014framework,
  title={A framework for estimating interest on technical debt by monitoring developer activity related to code comprehension},
  author={Singh, Vallary and Snipes, Will and Kraft, Nicholas A},
  booktitle={Managing Technical Debt (MTD), 2014 Sixth International Workshop on},
  pages={27--30},
  year={2014},
  organization={IEEE}
}

@inproceedings{nugroho2011empirical,
  title={An empirical model of technical debt and interest},
  author={Nugroho, Ariadi and Visser, Joost and Kuipers, Tobias},
  booktitle={Proceedings of the 2nd Workshop on Managing Technical Debt},
  pages={1--8},
  year={2011},
  organization={ACM}
}

@article{lehman1980programs,
  title={Programs, life cycles, and laws of software evolution},
  author={Lehman, Meir M},
  journal={Proceedings of the IEEE},
  volume={68},
  number={9},
  pages={1060--1076},
  year={1980},
  publisher={IEEE}
}

@article{petersen2011measuring,
  title={Measuring and predicting software productivity: A systematic map and review},
  author={Petersen, Kai},
  journal={Information and Software Technology},
  volume={53},
  number={4},
  pages={317--343},
  year={2011},
  publisher={Elsevier}
}

@article{maccormack2003trade,
  title={Trade-offs between productivity and quality in selecting software development practices},
  author={MacCormack, Alan and Kemerer, Chris F and Cusumano, Michael and Crandall, Bill},
  journal={Ieee Software},
  volume={20},
  number={5},
  pages={78--85},
  year={2003},
  publisher={IEEE}
}

@article{kitchenham2004software,
  title={Software productivity measurement using multiple size measures},
  author={Kitchenham, Barbara and Mendes, Emilia},
  journal={IEEE Transactions on Software Engineering},
  volume={30},
  number={12},
  pages={1023--1035},
  year={2004},
  publisher={IEEE}
}

@article{hernandez2015productivity,
  title={Productivity measurement in software engineering: a study of the inputs and the outputs},
  author={Hern{\'a}ndez-L{\'o}pez, Adri{\'a}n and Colomo-Palacios, Ricardo and Soto-Acosta, Pedro and Lumberas, Cristina Casado},
  journal={International Journal of Information Technologies and Systems Approach (IJITSA)},
  volume={8},
  number={1},
  pages={46--68},
  year={2015},
  publisher={IGI Global}
}

@inproceedings{barreto2010analyzing,
  title={Analyzing the similarity among software projects to improve software project monitoring processes},
  author={Barreto, Andrea Oliveira Soares and Rocha, Ana Regina},
  booktitle={Quality of Information and Communications Technology (QUATIC), 2010 Seventh International Conference on the},
  pages={441--446},
  year={2010},
  organization={IEEE}
}

@inproceedings{idri2001fuzzy,
  title={A fuzzy logic based set of measures for software project similarity: validation and possible improvements},
  author={Idri, Ali and Abran, Alain},
  booktitle={Software Metrics Symposium, 2001. METRICS 2001. Proceedings. Seventh International},
  pages={85--96},
  year={2001},
  organization={IEEE}
}

@book{elmasri2016fundamentals,
  title={Fundamentals of database systems},
  author={Elmasri, Ramez and Navathe, Sham},
  year={2016},
  publisher={Pearson London}
}

@inproceedings{mcintosh2014impact,
  title={The impact of code review coverage and code review participation on software quality: A case study of the qt, vtk, and itk projects},
  author={McIntosh, Shane and Kamei, Yasutaka and Adams, Bram and Hassan, Ahmed E},
  booktitle={Proceedings of the 11th Working Conference on Mining Software Repositories},
  pages={192--201},
  year={2014},
  organization={ACM}
}

@inproceedings{morales2016finding,
  title={Finding the best compromise between design quality and testing effort during refactoring},
  author={Morales, Rodrigo and Sabane, Aminata and Musavi, Pooya and Khomh, Foutse and Chicano, Francisco and Antoniol, Giuliano},
  booktitle={2016 IEEE 23rd International Conference on Software Analysis, Evolution, and Reengineering (SANER)},
  pages={24--35},
  year={2016},
  organization={IEEE}
}

@article{mackinnon2000endo,
  title={Endo-testing: unit testing with mock objects},
  author={Mackinnon, Tim and Freeman, Steve and Craig, Philip},
  journal={Extreme programming examined},
  pages={287--301},
  year={2000}
}

@book{kaczanowski2012practical,
  title={Practical Unit Testing with TestNG and Mockito},
  author={Kaczanowski, Tomek},
  year={2012},
  publisher={Tomasz Kaczanowski}
}

@book{acharya2014mastering,
  title={Mastering Unit Testing Using Mockito and JUnit},
  author={Acharya, Sujoy},
  year={2014},
  publisher={Packt Publishing Ltd}
}
@inproceedings{cheon2002simple,
  title={A simple and practical approach to unit testing: The JML and JUnit way},
  author={Cheon, Yoonsik and Leavens, Gary T},
  booktitle={European Conference on Object-Oriented Programming},
  pages={231--255},
  year={2002},
  organization={Springer}
}
@article{runeson2006survey,
  title={A survey of unit testing practices},
  author={Runeson, Per},
  journal={IEEE software},
  volume={23},
  number={4},
  pages={22--29},
  year={2006},
  publisher={IEEE}
}

@article{al2010quality,
  title={Quality models in software engineering literature: an analytical and comparative study},
  author={Al-Qutaish, Rafa E},
  journal={Journal of American Science},
  volume={6},
  number={3},
  pages={166--175},
  year={2010}
}

@inproceedings{singh2014framework,
  title={A framework for estimating interest on technical debt by monitoring developer activity related to code comprehension},
  author={Singh, Vallary and Snipes, Will and Kraft, Nicholas A},
  booktitle={Managing technical debt (mtd), 2014 sixth international workshop on},
  pages={27--30},
  year={2014},
  organization={IEEE}
}

@incollection{seaman2011measuring,
  title={Measuring and monitoring technical debt},
  author={Seaman, Carolyn and Guo, Yuepu},
  booktitle={Advances in Computers},
  volume={82},
  pages={25--46},
  year={2011},
  publisher={Elsevier}
}
@inproceedings{curtis2012estimating,
  title={Estimating the size, cost, and types of technical debt},
  author={Curtis, Bill and Sappidi, Jay and Szynkarski, Alexandra},
  booktitle={Proceedings of the Third International Workshop on Managing Technical Debt},
  pages={49--53},
  year={2012},
  organization={IEEE Press}
}

@inproceedings{schmid2013limits,
  title={On the limits of the technical debt metaphor: Some guidance on going beyond},
  author={Schmid, Klaus},
  booktitle={Proceedings of the 4th International Workshop on Managing Technical Debt},
  pages={63--66},
  year={2013},
  organization={IEEE Press}
}

@article{lim2012balancing,
  title={A balancing act: What software practitioners have to say about technical debt},
  author={Lim, Erin and Taksande, Nitin and Seaman, Carolyn},
  journal={IEEE software},
  volume={29},
  number={6},
  pages={22--27},
  year={2012},
  publisher={IEEE}
}

@inproceedings{brown2010managing,
  title={Managing technical debt in software-reliant systems},
  author={Brown, Nanette and Cai, Yuanfang and Guo, Yuepu and Kazman, Rick and Kim, Miryung and Kruchten, Philippe and Lim, Erin and MacCormack, Alan and Nord, Robert and Ozkaya, Ipek and others},
  booktitle={Proceedings of the FSE/SDP workshop on Future of software engineering research},
  pages={47--52},
  year={2010},
  organization={ACM}
}

@book{fowler2018refactoring,
  title={Refactoring: improving the design of existing code},
  author={Fowler, Martin},
  year={2018},
  publisher={Addison-Wesley Professional}
}

@article{lanning1994modeling,
  title={Modeling the relationship between source code complexity and maintenance difficulty},
  author={Lanning, David L and Khoshgoftaar, Taghi M},
  journal={Computer},
  number={9},
  pages={35--40},
  year={1994},
  publisher={IEEE}
}

@misc{lindgren2012bridging,
  title={Bridging the software quality gap},
  author={Lindgren, Markus},
  year={2012}
}
@inproceedings{smit2011code,
  title={Code convention adherence in evolving software},
  author={Smit, Michael and Gergel, Barry and Hoover, H James and Stroulia, Eleni},
  booktitle={Software Maintenance (ICSM), 2011 27th IEEE International Conference on},
  pages={504--507},
  year={2011},
  organization={IEEE}
}
@article{xavier2008estudo,
  title={UM ESTUDO SOBRE A ATUALIZA{\c{C}}{\~A}O MONET{\'A}RIA BRASILEIRA: IMPACTOS NA AN{\'A}LISE FINANCEIRA DAS ORGANIZA{\c{C}}{\~O}ES},
  author={Xavier Filho, Jos{\'e} Lindenberg Juli{\~a}o},
  journal={Interfaces de Saberes},
  volume={8},
  number={1},
  year={2008}
}

@article{santos2007teoria,
  title={Teoria da Contabilidade: introdut{\'o}ria, intermedi{\'a}ria e avan{\c{c}}ada},
  author={SANTOS, Jos{\'e} Luiz dos and SCHMIDT, Paulo and FERNANDES, Luciane Alves and MACHADO, Nilson Perinazzo},
  journal={S{\~a}o Paulo: Atlas},
  year={2007}
}

@book{w2016research,
  title={Research Design.: Qualitative, Quantitative, Mixed Methods Approaches},
  author={W Creswell, John},
  year={2016},
  publisher={University Of Nebraska-Lincoln}
}

@incollection{wohlin2003empirical,
  title={Empirical research methods in software engineering},
  author={Wohlin, Claes and H{\"o}st, Martin and Henningsson, Kennet},
  booktitle={Empirical methods and studies in software engineering},
  pages={7--23},
  year={2003},
  publisher={Springer}
}

@article{kitchenham1995case,
  title={Case studies for method and tool evaluation},
  author={Kitchenham, Barbara and Pickard, Lesley and Pfleeger, Shari Lawrence},
  journal={IEEE software},
  volume={12},
  number={4},
  pages={52--62},
  year={1995},
  publisher={IEEE}
}

@article{wang201331,
  title={31 Common Fallacies in Quantitative Research Methodology},
  author={Wang, Lihshing Leigh and Watts, Amber S and Anderson, Rawni A and Little, Todd D},
  journal={The Oxford handbook of quantitative methods},
  pages={718},
  year={2013}
}

@article{amaratunga2002quantitative,
  title={Quantitative and qualitative research in the built environment: application of mixed research approach},
  author={Amaratunga, Dilanthi and Baldry, David and Sarshar, Marjan and Newton, Rita},
  journal={Work study},
  volume={51},
  number={1},
  pages={17--31},
  year={2002},
  publisher={MCB UP Ltd}
}

@inproceedings{skourletopoulos2016quantifying,
  title={Quantifying and evaluating the technical debt on mobile cloud-based service level.},
  author={Skourletopoulos, Georgios and Mavromoustakis, Constandinos X and Batalla, Jordi Mongay and Mastorakis, George and Pallis, Evangelos and Kormentzas, Georgios},
  booktitle={ICC},
  pages={1--7},
  year={2016}
}

@inproceedings{brown2010managing,
  title={Managing technical debt in software-reliant systems},
  author={Brown, Nanette and Cai, Yuanfang and Guo, Yuepu and Kazman, Rick and Kim, Miryung and Kruchten, Philippe and Lim, Erin and MacCormack, Alan and Nord, Robert and Ozkaya, Ipek and others},
  booktitle={Proceedings of the FSE/SDP workshop on Future of software engineering research},
  pages={47--52},
  year={2010},
  organization={ACM}
}

@book{yin2011applications,
  title={Applications of case study research},
  author={Yin, Robert K},
  year={2011},
  publisher={Sage}
}

@inproceedings{kalliamvakou2014promises,
  title={The promises and perils of mining GitHub},
  author={Kalliamvakou, Eirini and Gousios, Georgios and Blincoe, Kelly and Singer, Leif and German, Daniel M and Damian, Daniela},
  booktitle={Proceedings of the 11th working conference on mining software repositories},
  pages={92--101},
  year={2014},
  organization={ACM}
}
@inproceedings{ray2014large,
  title={A large scale study of programming languages and code quality in github},
  author={Ray, Baishakhi and Posnett, Daryl and Filkov, Vladimir and Devanbu, Premkumar},
  booktitle={Proceedings of the 22nd ACM SIGSOFT International Symposium on Foundations of Software Engineering},
  pages={155--165},
  year={2014},
  organization={ACM}
}
@book{russell2013mining,
  title={Mining the Social Web: Data Mining Facebook, Twitter, LinkedIn, Google+, GitHub, and More},
  author={Russell, Matthew A},
  year={2013},
  publisher={" O'Reilly Media, Inc."}
}
@article{kawaguchi2006mudablue,
  title={Mudablue: An automatic categorization system for open source repositories},
  author={Kawaguchi, Shinji and Garg, Pankaj K and Matsushita, Makoto and Inoue, Katsuro},
  journal={Journal of Systems and Software},
  volume={79},
  number={7},
  pages={939--953},
  year={2006},
  publisher={Elsevier}
}

@article{blei2003latent,
  title={Latent dirichlet allocation},
  author={Blei, David M and Ng, Andrew Y and Jordan, Michael I},
  journal={Journal of machine Learning research},
  volume={3},
  number={Jan},
  pages={993--1022},
  year={2003}
}
@inproceedings{hoffman2010online,
  title={Online learning for latent dirichlet allocation},
  author={Hoffman, Matthew and Bach, Francis R and Blei, David M},
  booktitle={advances in neural information processing systems},
  pages={856--864},
  year={2010}
}
@inproceedings{blei2002latent,
  title={Latent dirichlet allocation},
  author={Blei, David M and Ng, Andrew Y and Jordan, Michael I},
  booktitle={Advances in neural information processing systems},
  pages={601--608},
  year={2002}
}
@book{campbell2013sonarqube,
  title={SonarQube in action},
  author={Campbell, G and Papapetrou, Patroklos P},
  year={2013},
  publisher={Manning Publications Co.}
}

@techreport{page1999pagerank,
  title={The PageRank citation ranking: Bringing order to the web.},
  author={Page, Lawrence and Brin, Sergey and Motwani, Rajeev and Winograd, Terry},
  year={1999},
  institution={Stanford InfoLab}
}

@inproceedings{mo2015geminer,
  title={GEMiner: Mining social and programming behaviors to identify experts in Github},
  author={Mo, Wenkai and Shen, Beijun and He, Yuming and Zhong, Hao},
  booktitle={Proceedings of the 7th Asia-Pacific Symposium on Internetware},
  pages={93--101},
  year={2015},
  organization={ACM}
}
@incollection{hupa2010interdisciplinary,
  title={Interdisciplinary matchmaking: Choosing collaborators by skill, acquaintance and trust},
  author={Hupa, Albert and Rzadca, Krzysztof and Wierzbicki, Adam and Datta, Anwitaman},
  booktitle={Computational social network analysis},
  pages={319--347},
  year={2010},
  publisher={Springer}
}

@inproceedings{kalaiselvi2013ontological,
  title={An ontological approach to identify expert knowledge in academic institution},
  author={Kalaiselvi, K and Balamurugan, PS},
  booktitle={2013 International Conference on Current Trends in Engineering and Technology (ICCTET)},
  pages={120--122},
  year={2013},
  organization={IEEE}
}

@inproceedings{mockus2002expertise,
  title={Expertise browser: a quantitative approach to identifying expertise},
  author={Mockus, Audris and Herbsleb, James D},
  booktitle={Proceedings of the 24th International Conference on Software Engineering. ICSE 2002},
  pages={503--512},
  year={2002},
  organization={IEEE}
}

@techreport{shira2011expert,
  title={Expert search on code repositories},
  author={Shira, Elben and Lease, Matthew},
  year={2011},
  institution={Technical Report TR-11-42, Department of Computer Science, University of~…}
}

@inproceedings{huang2017expert,
  title={Expert as a service: Software expert recommendation via knowledge domain embeddings in stack overflow},
  author={Huang, Chaoran and Yao, Lina and Wang, Xianzhi and Benatallah, Boualem and Sheng, Quan Z},
  booktitle={2017 IEEE International Conference on Web Services (ICWS)},
  pages={317--324},
  year={2017},
  organization={IEEE}
}
@inproceedings{munger2014automatically,
  title={Automatically identifying experts in on-line support forums using social interactions and post content},
  author={Munger, Tyler and Zhao, Jiabin},
  booktitle={Proceedings of the 2014 IEEE/ACM International Conference on Advances in Social Networks Analysis and Mining},
  pages={930--935},
  year={2014},
  organization={IEEE Press}
}

@inproceedings{san2013multiple,
  title={Multiple outcome supervised latent Dirichlet allocation for expert discovery in online forums},
  author={San Pedro, Jose and Karatzoglou, Alexandros},
  booktitle={Workshops at the Twenty-Seventh AAAI Conference on Artificial Intelligence},
  year={2013}
}

@inproceedings{robbes2013using,
  title={Using developer interaction data to compare expertise metrics},
  author={Robbes, Romain and R{\"o}thlisberger, David},
  booktitle={Proceedings of the 10th Working Conference on Mining Software Repositories},
  pages={297--300},
  year={2013},
  organization={IEEE Press}
}

@techreport{page1999pagerank,
  title={The PageRank citation ranking: Bringing order to the web.},
  author={Page, Lawrence and Brin, Sergey and Motwani, Rajeev and Winograd, Terry},
  year={1999},
  institution={Stanford InfoLab}
}
@inproceedings{richardson2002intelligent,
  title={The intelligent surfer: Probabilistic combination of link and content information in pagerank},
  author={Richardson, Matthew and Domingos, Pedro},
  booktitle={Advances in neural information processing systems},
  pages={1441--1448},
  year={2002}
}

@book{loeliger2012version,
  title={Version Control with Git: Powerful tools and techniques for collaborative software development},
  author={Loeliger, Jon and McCullough, Matthew},
  year={2012},
  publisher={" O'Reilly Media, Inc."}
}

@inproceedings{herraiz2006comparison,
  title={Comparison between SLOCs and number of files as size metrics for software evolution analysis},
  author={Herraiz, Israel and Robles, Gregorio and Gonz{\'a}lez-Barahona, Jes{\'u}s M and Capiluppi, Andrea and Ramil, Juan F},
  booktitle={Conference on Software Maintenance and Reengineering (CSMR'06)},
  pages={8--pp},
  year={2006},
  organization={IEEE}
}
@inproceedings{rosenberg1997some,
  title={Some misconceptions about lines of code},
  author={Rosenberg, Jarrett},
  booktitle={Proceedings Fourth International Software Metrics Symposium},
  pages={137--142},
  year={1997},
  organization={IEEE}
}

@techreport{park1992software,
  title={Software size measurement: A framework for counting source statements},
  author={Park, Robert E},
  year={1992},
  institution={Carnegie-Mellon Univ Pittsburgh Pa Software Engineering Inst}
}

@article{bhatt2012analysis,
  title={Analysis of source lines of code (SLOC) metric},
  author={Bhatt, Kaushal and Tarey, Vinit and Patel, Pushpraj and Mits, Kaushal Bhatt and Ujjain, Datana},
  journal={International Journal of Emerging Technology and Advanced Engineering},
  volume={2},
  number={5},
  pages={150--154},
  year={2012}
}

@inproceedings{hoffman2000darker,
  title={The darker side of metrics},
  author={Hoffman, Doug},
  booktitle={Pacific Northwest Software Quality Conference},
  volume={17},
  pages={2000},
  year={2000}
}
@article{maccormack2003trade,
  title={Trade-offs between productivity and quality in selecting software development practices},
  author={MacCormack, Alan and Kemerer, Chris F and Cusumano, Michael and Crandall, Bill},
  journal={Ieee Software},
  volume={20},
  number={5},
  pages={78--85},
  year={2003},
  publisher={IEEE}
}
@inproceedings{funk2005application,
  title={Application of a development time productivity metric to parallel software development},
  author={Funk, Andrew and Basili, Victor and Hochstein, Lorin and Kepner, Jeremy},
  booktitle={Proceedings of the second international workshop on Software engineering for high performance computing system applications},
  pages={8--12},
  year={2005},
  organization={ACM}
}
@article{sudhakar2012measuring,
  title={Measuring productivity of software development teams},
  author={Sudhakar, Goparaju and Farooq, Ayesha and Patnaik, Sanghamitra},
  year={2012}
}
@inproceedings{tan2009productivity,
  title={Productivity trends in incremental and iterative software development},
  author={Tan, Thomas and Li, Qi and Boehm, Barry and Yang, Ye and He, Mei and Moazeni, Ramin},
  booktitle={2009 3rd International Symposium on Empirical Software Engineering and Measurement},
  pages={1--10},
  year={2009},
  organization={IEEE}
}
@inproceedings{gousios2014exploratory,
  title={An exploratory study of the pull-based software development model},
  author={Gousios, Georgios and Pinzger, Martin and Deursen, Arie van},
  booktitle={Proceedings of the 36th International Conference on Software Engineering},
  pages={345--355},
  year={2014},
  organization={ACM}
}
@book{loeliger2012version,
  title={Version Control with Git: Powerful tools and techniques for collaborative software development},
  author={Loeliger, Jon and McCullough, Matthew},
  year={2012},
  publisher={" O'Reilly Media, Inc."}
}

@article{otte2009version,
  title={Version control systems},
  author={Otte, Stefan},
  journal={Computer Systems and Telematics},
  pages={11--13},
  year={2009}
}

@book{pilato2008version,
  title={Version Control with Subversion: Next Generation Open Source Version Control},
  author={Pilato, C Michael and Collins-Sussman, Ben and Fitzpatrick, Brian W},
  year={2008},
  publisher={" O'Reilly Media, Inc."}
}
@book{vesperman2006essential,
  title={Essential CVS: Version Control and Source Code Management},
  author={Vesperman, Jennifer},
  year={2006},
  publisher={" O'Reilly Media, Inc."}
}

@article{jeffery1997function,
  title={Function points and their use},
  author={Jeffery, R and Low, G},
  journal={Australian Computer Journal},
  volume={29},
  number={4},
  pages={148--156},
  year={1997},
  publisher={AUSTRALIAN COMPUTER SOC INC PO BOX Q534, QVB POST OFFICE, SYDNEY, NSW 1230~…}
}
@inproceedings{mcmillan2011categorizing,
  title={Categorizing software applications for maintenance},
  author={McMillan, Collin and Linares-Vasquez, Mario and Poshyvanyk, Denys and Grechanik, Mark},
  booktitle={2011 27th IEEE International Conference on Software Maintenance (ICSM)},
  pages={343--352},
  year={2011},
  organization={IEEE}
}

@inproceedings{blei2002latent,
  title={Latent dirichlet allocation},
  author={Blei, David M and Ng, Andrew Y and Jordan, Michael I},
  booktitle={Advances in neural information processing systems},
  pages={601--608},
  year={2002}
}

@inproceedings{tian2009using,
  title={Using latent dirichlet allocation for automatic categorization of software},
  author={Tian, Kai and Revelle, Meghan and Poshyvanyk, Denys},
  booktitle={2009 6th IEEE International Working Conference on Mining Software Repositories},
  pages={163--166},
  year={2009},
  organization={IEEE}
}
@inproceedings{maskeri2008mining,
  title={Mining business topics in source code using latent dirichlet allocation},
  author={Maskeri, Girish and Sarkar, Santonu and Heafield, Kenneth},
  booktitle={Proceedings of the 1st India software engineering conference},
  pages={113--120},
  year={2008},
  organization={ACM}
}
@inproceedings{kelly2011recovering,
  title={Recovering a balanced overview of topics in a software domain},
  author={Kelly, Matthew B and Alexander, Jason S and Adams, Bram and Hassan, Ahmed E},
  booktitle={2011 IEEE 11th International Working Conference on Source Code Analysis and Manipulation},
  pages={135--144},
  year={2011},
  organization={IEEE}
}
@inproceedings{chen2012explaining,
  title={Explaining software defects using topic models},
  author={Chen, Tse-Hsun and Thomas, Stephen W and Nagappan, Meiyappan and Hassan, Ahmed E},
  booktitle={2012 9th IEEE Working Conference on Mining Software Repositories (MSR)},
  pages={189--198},
  year={2012},
  organization={IEEE}
}

@article{wagner2018systematic,
  title={A systematic review of productivity factors in software development},
  author={Wagner, Stefan and Ruhe, Melanie},
  journal={arXiv preprint arXiv:1801.06475},
  year={2018}
}
